@book{Bandelow_Mága_Zehnder_Moser_1982, place={Boston}, title={Inside Rubik’s cube and beyond}, publisher={Birkhäuser}, author={Bandelow, Christoph and Mága, Alexander and Zehnder, Jeannette and Moser, Lucy}, year={1982}} 
@book{Joyner_2008, place={Baltimore}, title={Adventures in group theory: Rubik’s Cube, Merlin’s machine, and other Mathematical Toys}, publisher={The Johns Hopkins University Press}, author={Joyner, David}, year={2008}} 
@book{Singmaster_1981, place={Hillside, NJ}, title={Notes on Rubik’s Magic Cube}, publisher={Enslow}, author={Singmaster, David}, year={1981}} 
@book{Mulholland_2021, title={Permutation Puzzles A Mathematical Perspective}, publisher={Self Published}, author={Mulholland, Jamie}, year={2021}} 
@inproceedings{Daniels2014GroupTA,title={Group Theory and the Rubik's Cube},author={Lindsey Daniels},year={2014},url={https://api.semanticscholar.org/CorpusID:263260891}}
book{Carter_2021, place={S.l.}, title={Visual group theory}, publisher={MAA PR}, author={Carter, Nathan}, year={2021}} 
@book{Frey_Singmaster_2010, place={Cambridge}, title={Handbook of cubik math}, publisher={Lutterworth Press}, author={Frey, Alexander H. and Singmaster, David}, year={2010}} 
article{Rokicki_Kociemba_Davidson_Dethridge_2014, title={The diameter of the Rubik’s Cube Group is twenty}, volume={56}, DOI={10.1137/140973499}, number={4}, journal={SIAM Review}, author={Rokicki, Tomas and Kociemba, Herbert and Davidson, Morley and Dethridge, John}, year={2014}, month={Jan}, pages={645–670}} 
book{Larsen_1983, place={København}, title={Rubik’s revenge: The group Theoretical Solution}, publisher={Københavns Universitet. Matematisk Institut}, author={Larsen, M. E.}, year={1983}} 
